<?xml version="1.0" encoding="UTF-8"?>
<record xmlns="http://www.loc.gov/MARC21/slim" xmlns:xsi="http://www.w3.org/2001/XMLSchema-instance" xsi:schemaLocation="http://www.loc.gov/MARC21/slim http://www.loc.gov/standards/marcxml/schema/MARC21slim.xsd">
<leader>     cam a2200289 a 4500</leader>
<controlfield tag="001">001678395</controlfield>
<controlfield tag="003">NNU</controlfield>
<controlfield tag="005">19990226061517.2</controlfield>
<controlfield tag="008">880111s1954    mr            000 0 ara d</controlfield>
<datafield tag="035" ind1="9" ind2=" ">
<subfield code="a">NYUb12221781</subfield>
</datafield>
<datafield tag="035" ind1=" " ind2=" ">
<subfield code="a">(MH)MHBIT24239HU</subfield>
</datafield>
<datafield tag="035" ind1=" " ind2=" ">
<subfield code="a">(OCoLC)17331603</subfield>
</datafield>
<datafield tag="035" ind1=" " ind2=" ">
<subfield code="a">(CStRLIN)MAHGBIT24239-B</subfield>
</datafield>
<datafield tag="040" ind1=" " ind2=" ">
<subfield code="a">CLU</subfield>
<subfield code="c">CLU</subfield>
<subfield code="d">MH</subfield>
<subfield code="d">CStRLIN</subfield>
</datafield>
<datafield tag="043" ind1=" " ind2=" ">
<subfield code="a">f-mr---</subfield>
</datafield>
<datafield tag="050" ind1=" " ind2=" ">
<subfield code="a">CD263</subfield>
<subfield code="b">.R37 1954</subfield>
</datafield>
<datafield tag="245" ind1="0" ind2="0">
<subfield code="a">Rasāʼil Saʻdīyah /</subfield>
<subfield code="c">ʻAbd Allāh Gannūn.</subfield>
</datafield>
<datafield tag="246" ind1="1" ind2=" ">
<subfield code="i">Title on p. [4] of cover:</subfield>
<subfield code="i">Cartas de historia de los Saadies</subfield>
</datafield>
<datafield tag="260" ind1=" " ind2=" ">
<subfield code="a">Tiṭwān, Morocco :</subfield>
<subfield code="b">Maʻhad Mūlayi al-Ḥasan,</subfield>
<subfield code="c">1954.</subfield>
</datafield>
<datafield tag="300" ind1=" " ind2=" ">
<subfield code="a">263 p. ;</subfield>
<subfield code="c">23 cm.</subfield>
</datafield>
<datafield tag="500" ind1=" " ind2=" ">
<subfield code="a">62 letters and other documents from the official papers of the Saadi dynasty of Morocco, collected by an unnamed compiler. Cf. editor's pref.</subfield>
</datafield>
<datafield tag="650" ind1=" " ind2="0">
<subfield code="a">Diplomatics, Arabic</subfield>
<subfield code="z">Morocco.</subfield>
</datafield>
<datafield tag="651" ind1=" " ind2="0">
<subfield code="a">Morocco</subfield>
<subfield code="x">History</subfield>
<subfield code="y">1516-1830</subfield>
<subfield code="v">Sources.</subfield>
</datafield>
<datafield tag="700" ind1="1" ind2=" ">
<subfield code="a">Gannūn, ʻAbd Allāh,</subfield>
<subfield code="d">1908-</subfield>
</datafield>
<datafield tag="OWN" ind1=" " ind2=" ">
<subfield code="a">GENERAL</subfield>
</datafield>
<datafield tag="950" ind1=" " ind2=" ">
<subfield code="l">BMAIN</subfield>
<subfield code="a">CD262</subfield>
<subfield code="b">.R3</subfield>
</datafield>
<datafield tag="955" ind1=" " ind2=" ">
<subfield code="l">BMAIN</subfield>
<subfield code="c">1</subfield>
<subfield code="r">028219213</subfield>
</datafield>
<datafield tag="955" ind1=" " ind2=" ">
<subfield code="l">BMAIN</subfield>
<subfield code="c">2</subfield>
<subfield code="r">028219155</subfield>
</datafield>
<datafield tag="998" ind1=" " ind2=" ">
<subfield code="s">9115</subfield>
</datafield>
<datafield tag="AVA" ind1=" " ind2=" ">
<subfield code="a">NYU50</subfield>
<subfield code="b">BOBST</subfield>
<subfield code="c">Main Collection</subfield>
<subfield code="d">CD262 .R3</subfield>
<subfield code="e">unavailable</subfield>
<subfield code="t">Unavailable</subfield>
<subfield code="f">1</subfield>
<subfield code="g">1</subfield>
<subfield code="h">N</subfield>
<subfield code="i">0</subfield>
<subfield code="j">MAIN</subfield>
<subfield code="k">0</subfield>
</datafield>
</record>
